@misc{dummy2025,
  author = {John Doe},
  title = {Placeholder Reference},
  year = {2025},
  note = {To be replaced with real references}
}
